@book{GonzalezWoods2018,
  author    = {Rafael C. Gonzalez and Richard E. Woods},
  title     = {Digital Image Processing},
  edition   = {4th},
  year      = {2018},
  publisher = {Pearson / Prentice Hall}
}
